<record><leader>00000cas a22000007a 4500</leader><controlfield tag="001">688242035</controlfield><controlfield tag="008">101130c20079999ksumr n       0   a0eng  </controlfield><controlfield tag="009">466</controlfield><datafield ind1=" " ind2=" " tag="010"><subfield code="a">  2010203695</subfield></datafield><datafield ind1=" " ind2=" " tag="040"><subfield code="a">DLC</subfield><subfield code="b">eng</subfield><subfield code="c">DLC</subfield><subfield code="d">DLC</subfield></datafield><datafield ind1=" " ind2=" " tag="012"><subfield code="l">1</subfield></datafield><datafield ind1="0" ind2=" " tag="022"><subfield code="a">2158-7310</subfield><subfield code="2">1</subfield></datafield><datafield ind1=" " ind2=" " tag="037"><subfield code="b">The Deadline, P.O. Box 547, Fort Scott, KS  66701</subfield></datafield><datafield ind1=" " ind2=" " tag="042"><subfield code="a">nsdp</subfield><subfield code="a">msc</subfield></datafield><datafield ind1="1" ind2="0" tag="050"><subfield code="a">ISSN RECORD</subfield></datafield><datafield ind1="1" ind2="0" tag="082"><subfield code="a">070</subfield><subfield code="2">14</subfield></datafield><datafield ind1=" " ind2="4" tag="222"><subfield code="a">The deadline</subfield><subfield code="b">(Fort Scott, Kan. Print)</subfield></datafield><datafield ind1="0" ind2="4" tag="245"><subfield code="a">The deadline</subfield></datafield><datafield ind1=" " ind2=" " tag="260"><subfield code="3">2007-Aug. 2010</subfield><subfield code="a">Jasper, MO :</subfield><subfield code="b">Bob Poindexter</subfield></datafield><datafield ind1="3" ind2=" " tag="260"><subfield code="3">Sept. 2010-</subfield><subfield code="a">Fort Scott, KS:</subfield><subfield code="b">H&amp;H Publishing</subfield></datafield><datafield ind1=" " ind2=" " tag="310"><subfield code="a">Monthly</subfield></datafield><datafield ind1="1" ind2=" " tag="362"><subfield code="a">Began with: Vol. 1, issue 1 (Mar. 2007)</subfield></datafield><datafield ind1=" " ind2=" " tag="588"><subfield code="a">Description based on: Vol. 4, no. 7 (Aug. 2010); title from masthead.</subfield></datafield><datafield ind1=" " ind2=" " tag="588"><subfield code="a">Latest issue consulted: Vol. 4, no. 9 (Oct. 2010).</subfield></datafield><datafield ind1="1" ind2=" " tag="700"><subfield code="a">Poindexter, Bob</subfield></datafield><datafield ind1="0" ind2="8" tag="776"><subfield code="i">Also issued online:</subfield><subfield code="t">Deadline (Fort Scott, Kan. : Online)</subfield><subfield code="x">2158-7329</subfield><subfield code="w">(DLC)  2010203694</subfield><subfield code="w">(OCoLC)688287814</subfield></datafield><datafield ind1="4" ind2="1" tag="856"><subfield code="a">http://thedeadlineonline.com/</subfield><subfield code="z">to be published Jan. 2011</subfield></datafield></record>